@article{breiman96oob,
  author="Breiman Leo",
  title="{O}ut-{O}f-{B}ag {E}stimation",
  journal="Technical Report, Statistics Department, University of California",
  year="1996"
}
